<?xml version="1.0" encoding="UTF-8"?><collection xmlns="http://www.loc.gov/MARC21/slim"><record><leader>00335nam--2200133-i-4500</leader><controlfield tag="001">000016864</controlfield><controlfield tag="002">20161230</controlfield><controlfield tag="005">20161230201032</controlfield><controlfield tag="008">060222s1000------------r-----000-0-eng-d</controlfield><datafield ind1=" " ind2=" " tag="080"><subfield code="a">539</subfield></datafield><datafield ind1=" " ind2=" " tag="245"><subfield code="a">Buiding the universe</subfield></datafield><datafield ind1=" " ind2=" " tag="260"><subfield code="a">New York, Basil Blackwell And New Scientist, 1985. 361 P</subfield></datafield><datafield ind1=" " ind2=" " tag="700"><subfield code="a">Sutton, Christine</subfield></datafield><datafield ind1=" " ind2=" " tag="852"><subfield code="a">78868</subfield></datafield></record></collection>